@Article{Sch87,
  author = 	 {A. A. Sch{\"a}ffer},
  title = 	 {Shortest prefix strings containing all subset permutations}, 
  journal = 	 {Discrete Mathematics},
  year = 	 1987,
  volume = 	 64,
  pages = 	 {239--252}}

@Article{Sav85,
  author = 	 {C. Savage},
  title = 	 {Short strings containing all $k$-element permutations},
  journal = 	 {Discrete Mathematics},
  year = 	 1982,
  volume = 	 42,
  pages = 	 {281--285}}

@Article{KouHu75,
  author = 	 {P. J. Koutas and T. C. Hu},
  title = 	 {Shortest string containing all permutations},
  journal = 	 {Discrete Mathematics},
  year = 	 1975,
  volume = 	 11,
  pages = 	 {125--132}}

@Article{deB46,
  author = 	 {de Bruijn, N. G},
  title = 	 {A combinatorial problem},
  journal = 	 {Indagationes Mathematicae},
  year = 	 1946,
  volume = 	 8,
  pages = 	 {461--467}}


